@book{lovelace19,
  title={Geocomputation with {R}},
  author={Lovelace, R. and Nowosad, J. and Muenchow, J.},
  year={2019},
  publisher={CRC Press}
}

@book{xie19,
  title={R markdown: The definitive guide},
  author={Xie, Yihui and Allaire, Joseph J and Grolemund, Garrett},
  year={2019},
  publisher={Chapman and Hall/CRC}
}

@article{lydersen09,
  title={Recommended tests for association in 2 $\times$ 2 tables},
  author={Lydersen, Stian and Fagerland, Morten W and Laake, Petter},
  journal={Statistics in medicine},
  volume={28},
  number={7},
  pages={1159--1175},
  year={2009},
  publisher={Wiley Online Library}
}

@book{ladefoged96,
  title={The sounds of the world's languages},
  author={Ladefoged, P. and Maddieson, I.},
  year={1996},
  publisher={Oxford Publishers}
}

@article{gordon02,
  title={A cross-linguistic acoustic study of voiceless fricatives},
  author={Gordon, M. and Barthmaier, P. and Sands, K.},
  journal={Journal of the International Phonetic Association},
  volume={32},
  number={2},
  pages={141--174},
  year={2002},
  publisher={Cambridge University Press}
}

@book{thomas19,
  title={Data Science for Immunologists},
  author={Thomas, Niclas and  Pallett, Laura},
  year={2019},
  publisher={CreateSpace Independent Publishing Platform}
}

@book{hansjoerg19,
  title={Data Science for Psychologists},
  author={Hansjörg, Neth},
  year={2019},
  publisher={self published}
}

@book{brooks13,
  title={Science for public policy},
  author={Brooks, Harvey and Cooper, Chester L},
  year={2013},
  publisher={Elsevier}
}

@book{baesens15,
  title={Fraud analytics using descriptive, predictive, and social network techniques: a guide to data science for fraud detection},
  author={Baesens, Bart and Van Vlasselaer, Veronique and Verbeke, Wouter},
  year={2015},
  publisher={John Wiley \& Sons}
}

@book{provost13,
  title={Data Science for Business: What you need to know about data mining and data-analytic thinking},
  author={Provost, Foster and Fawcett, Tom},
  year={2013},
  publisher={O'Reilly Media, Inc.}
}

@Manual{r_core_team19,
    title = {R: A Language and Environment for Statistical Computing},
    author = {{R Core Team}},
    organization = {R Foundation for Statistical Computing},
    address = {Vienna, Austria},
    year = {2019},
    url = {https://www.R-project.org/},
  }
  
@book{wickham16,
  title={R for data science: import, tidy, transform, visualize, and model data},
  author={Wickham, Hadley and Grolemund, Garrett},
  year={2016},
  publisher={O'Reilly Media, Inc.}
}


@Manual{R-rmarkdown,
  title = {rmarkdown: Dynamic Documents for R},
  author = {JJ Allaire and Yihui Xie and Jonathan McPherson and Javier Luraschi and Kevin Ushey and Aron Atkins and Hadley Wickham and Joe Cheng and Winston Chang and Richard Iannone},
  year = {2019},
  note = {R package version 1.14.3},
  url = {https://github.com/rstudio/rmarkdown},
}


@book{adler2010r,
  title={R in a nutshell: A desktop quick reference},
  author={Adler, Joseph},
  year={2010},
  publisher={" O'Reilly Media, Inc."}
}

@article{gigerenzer04,
  title={Mindless statistics},
  author={Gigerenzer, Gerd},
  journal={The Journal of Socio-Economics},
  volume={33},
  number={5},
  pages={587--606},
  year={2004},
  publisher={Elsevier}
}

@article{goodman08,
  title={A dirty dozen: twelve p-value misconceptions},
  author={Goodman, S.},
  booktitle={Seminars in hematology},
  volume={45},
  number={3},
  pages={135--140},
  year={2008},
  organization={Elsevier}
}

@article{nuzzo14,
  title={Statistical errors},
  author={Nuzzo, Regina and others},
  journal={Nature},
  volume={506},
  number={7487},
  pages={150--152},
  year={2014},
  publisher={Macmillan Publishers Ltd., London, England}
}

@article{sterne01,
  title={Sifting the evidence—what's wrong with significance tests?},
  author={Sterne, J. A. C. and Smith, G. D.},
  journal={Physical Therapy},
  volume={81},
  number={8},
  pages={1464--1469},
  year={2001},
  publisher={American Physical Therapy Association}
}

@misc{wasserstein16,
  title={The ASA statement on p-values: context, process, and purpose},
  author={Wasserstein, Ronald L and Lazar, Nicole A},
  year={2016},
  publisher={Taylor \& Francis}
}
